@inproceedings{xu19,
  title={Resolution and domination: an improved exact MaxSAT algorithm},
  author={Xu, Chao and Li, Wenjun and Yang, Yongjie and Chen, Jianer and Wang, Jianxin},
  booktitle={Proceedings of the 28th International Joint Conference on Artificial Intelligence},
  pages={1191--1197},
  year={2019},
  organization={AAAI Press}
}

@inproceedings{chen15,
  title={Dealing with 4-variables by resolution: an improved MaxSAT algorithm},
  author={Chen, Jianer and Xu, Chao and Wang, Jianxin},
  booktitle={Workshop on Algorithms and Data Structures},
  pages={178--188},
  year={2015},
  organization={Springer}
}

@inproceedings{bansal99,
  title={Upper bounds for MaxSat: Further improved},
  author={Bansal, Nikhil and Raman, Venkatesh},
  booktitle={International symposium on algorithms and computation},
  pages={247--258},
  year={1999},
  organization={Springer}
}

@article{gaspers12,
  title={A universally fastest algorithm for Max 2-Sat, Max 2-CSP, and everything in between},
  author={Gaspers, Serge and Sorkin, Gregory B},
  journal={Journal of Computer and System Sciences},
  volume={78},
  number={1},
  pages={305--335},
  year={2012},
  publisher={Elsevier}
}

@inproceedings{belova18,
  title={Upper and Lower Bounds for Different Parameterizations of (n, 3)-MAXSAT},
  author={Belova, Tatiana and Bliznets, Ivan},
  booktitle={International Conference on Combinatorial Optimization and Applications},
  pages={299--313},
  year={2018},
  organization={Springer}
}

@inproceedings{bliznets12,
  title={A new algorithm for parameterized MAX-SAT},
  author={Bliznets, Ivan and Golovnev, Alexander},
  booktitle={International Symposium on Parameterized and Exact Computation},
  pages={37--48},
  year={2012},
  organization={Springer}
}

@inproceedings{niedermeier1999new,
  title={New upper bounds for MaxSat},
  author={Niedermeier, Rolf and Rossmanith, Peter},
  booktitle={International Colloquium on Automata, Languages, and Programming},
  pages={575--584},
  year={1999},
  organization={Springer}
}

@article{chen2004improved,
  title={Improved exact algorithms for Max-Sat},
  author={Chen, Jianer and Kanj, Iyad A},
  journal={Discrete Applied Mathematics},
  volume={142},
  number={1-3},
  pages={17--27},
  year={2004},
  publisher={Elsevier}
}

@article{berg2015applications,
  title={Applications of MaxSAT in data analysis},
  author={Berg, Jeremias and Hyttinen, Antti and J{\"a}rvisalo, Matti},
  journal={Pragmatics of SAT},
  year={2015}
}

@article{lin2012application,
  title={Application of Max-SAT-based ATPG to optimal cancer therapy design},
  author={Lin, Pey-Chang Kent and Khatri, Sunil P},
  journal={BMC genomics},
  volume={13},
  number={S6},
  pages={S5},
  year={2012},
  publisher={Springer}
}

@article{raman1998simplified,
  title={A simplified NP-complete MAXSAT problem},
  author={Raman, Venkatesh and Ravikumar, Bala and Rao, S Srinivasa},
  journal={Information Processing Letters},
  volume={65},
  number={1},
  pages={1--6},
  year={1998},
  publisher={Elsevier}
}

@article{gramm2003worst,
  title={Worst-case upper bounds for MAX-2-SAT with an application to MAX-CUT},
  author={Gramm, Jens and Hirsch, Edward A and Niedermeier, Rolf and Rossmanith, Peter},
  journal={Discrete Applied Mathematics},
  volume={130},
  number={2},
  pages={139--155},
  year={2003},
  publisher={Elsevier}
}

@article{golovnev2014new,
  title={New exact algorithms for the 2-constraint satisfaction problem},
  author={Golovnev, Alexander and Kutzkov, Konstantin},
  journal={Theoretical Computer Science},
  volume={526},
  pages={18--27},
  year={2014},
  publisher={Elsevier}
}

@article{hirsch2000new,
  title={New worst-case upper bounds for SAT},
  author={Hirsch, Edward A},
  journal={Journal of Automated Reasoning},
  volume={24},
  number={4},
  pages={397--420},
  year={2000},
  publisher={Springer}
}
